%Intro
@misc{ifn,
  author       = {Ministerio para la Transición Ecológica y el Reto Demográfico},
  title        = {Inventario Forestal Nacional (IFN)},
  year         = {2025},
  howpublished = {\url{https://www.miteco.gob.es/es/biodiversidad/temas/inventarios-nacionales/inventario-forestal-nacional.html}},
  note         = {Accedido: junio de 2025},
}

%Referencias fuentes de datos que habría que revisar porque vienen de chati
@misc{ign_pnoa,
  author = {{Instituto Geográfico Nacional}},
  title = {Servicio WMS Inspire del Plan Nacional de Ortofotografía Aérea (PNOA)},
  year = {2024},
  url = {https://www.ign.es/wms-inspire/pnoa-ma}
}



@misc{ign_shapefile,
  author       = {Centro Nacional de Información Geográfica},
  title        = {Base de Datos de Divisiones Administrativas de España},
  year         = {2019},
  howpublished = {\url{https://datos.gob.es/es/catalogo/e00125901-spaignllm}},
  note         = {Licencia: \url{https://www.ign.es/resources/licencia/Condiciones_licenciaUso_IGN.pdf}},
  description  = {Recintos municipales, provinciales y autonómicos y las líneas límite municipales, provinciales y autonómicas inscritas en la Base de Datos de Límites Jurisdiccionales de España (BDLJE). Precisión de la escala 1/25.000, con la excepción de algunas líneas "provisionales".},
  institution  = {Instituto Geográfico Nacional},
  address      = {Madrid, España},
  month        = feb,
  url          = {https://www.ign.es/resources/licencia/Condiciones_licenciaUso_IGN.pdf}
}

@techreport{miteco_guia_co2,
  author       = {Ministerio para la Transición Ecológica (MITECO)},
  title        = {Guía para la estimación de absorciones de dióxido de carbono},
  year         = {2021},
  institution  = {Ministerio para la Transición Ecológica y el Reto Demográfico},
  url          = {https://www.miteco.gob.es},
  note         = {Accedido: 2025-07-10},
  howpublished = {Disponible en el portal web del MITECO},
  description  = {Documento explicativo sobre metodologías de cálculo de absorciones de CO2 en proyectos inscribibles en el Registro de Huella de Carbono, compensación y proyectos de absorción de dióxido de carbono.}
}

%citas jaime

@article{cmnucc1992,
  title={Convención Marco de las Naciones Unidas sobre el Cambio Climático},
  author={{Naciones Unidas}},
  year={1992},
  howpublished={Adoptada el 9 de mayo de 1992 en Nueva York},
  note={En vigor desde 1994},
}

@article{kioto1997,
  title={Protocolo de Kioto},
  author={{Naciones Unidas}},
  year={1997},
  howpublished={Adoptado el 11 de diciembre de 1997 en Kioto, Japón},
}

@misc{miteco,
  author = {Ministerio para la Transición Ecológica},
  title = {Guía de cálculo para la estimación de absorciones de CO2},
  year = {2021},
  howpublished = {\url{https://www.miteco.gob.es/es/cambio-climatico/temas/mitigacion-politicas-y-medidas/registro_huella_carbono.aspx}},
}

@misc{copuernicus_temps,
  author = {Muñoz Sabater, J.},
  year = {2019},
  title = {ERA5-Land hourly data from 1950 to present},
  howpublished = {Copernicus Climate Change Service (C3S) Climate Data Store (CDS)},
  note = {DOI: 10.24381/cds.e2161bac (Accessed on 07-07-2025)}
}

@misc{copernicus_api,
  author = {ECMWF},
  year = {2025},
  title = {CDSAPI},
  howpublished = {GitHub repository},
  note = {link: https://github.com/ecmwf/cdsapi?tab=readme-ov-file#}
}

@misc{copernicus_pr,
  author = {Berg, P. and Photiadou, C. and Simonsson, L. and Sjokvist, E. and Thuresson, J. and Mook, R.},
  year = {2021},
  title = {Temperature and precipitation climate impact indicators from 1970 to 2100 derived from European climate projections},
  howpublished = {Copernicus Climate Change Service (C3S) Climate Data Store (CDS)},
  note = {DOI: 10.24381/cds.9eed87d5 (Accessed on DD-MMM-YYYY)}
}


@misc{landsat5_data,
  author = {USGS},
  title = {Descripción en Google Earth Engine del dataset USGS Landsat 5 Level 2, Collection 2, Tier 1},
  year = {2025},
  url = {https://developers.google.com/earth-engine/datasets/catalog/LANDSAT_LT05_C02_T1_L2?hl=es-419#description},
  note = {Accedido: 8 de julio de 2025},
}

@misc{landsat7_data,
  author = {USGS},
  title = {Descripción en Google Earth Engine del dataset USGS Landsat 7 Level 2, Collection 2, Tier 1},
  year = {2025},
  url = {https://developers.google.com/earth-engine/datasets/catalog/LANDSAT_LE07_C02_T1_L2?hl=es-419},
  note = {Accedido: 8 de julio de 2025},
}

@misc{landsat7_data,
  author = {NASA},
  title = {Descripción en Google Earth Engine del dataset USGS Landsat 7 Level 2, Collection 2, Tier 1},
  year = {2025},
  url = {https://developers.google.com/earth-engine/datasets/catalog/NASA_NASADEM_HGT_001?hl=es-419},
  note = {Accedido: 8 de julio de 2025},
}

@misc{nasadem_data,
  author = {NASA JPL},
  title = {NASADEM Merged DEM Global 1 arc second V001},
  year = {2020},
  publisher = {DAAC de procesos terrestres del EOSDIS de la NASA},
  note = {Fecha de acceso: 9 de julio de 2025},
  url = {https://doi.org/10.5067/MEaSUREs/NASADEM/NASADEM_HGT.001},
  doi = {10.5067/MEaSUREs/NASADEM/NASADEM_HGT.001},
}

@online{eos_blog,
  author = {EOS Data Analytics},
  title = {Índices de vegetación},
  year = {2025},
  url = {https://eos.com/es/blog/indices-de-vegetacion/},
  note = {Accedido: 8 de julio de 2025},
}

@misc{sentinel_hub_ndii,
  author = {Sentinel Hub},
  title = {NDII (Normalized difference 819/1600)},
  year = {2025},
  url = {https://custom-scripts.sentinel-hub.com/custom-scripts/sentinel-2/ndii/},
  note = {Accedido: 9 de julio de 2025},
}

@online{eos_indices_vegetacion,
  author = {EOS Data Analytics},
  title = {Índices de vegetación en la agricultura digital},
  year = {2025},
  url = {https://eos.com/es/blog/indices-de-vegetacion/},
  note = {Accedido: 9 de julio de 2025},
}

@misc{ee_terrain_slope,
  author = {Google Earth Engine},
  title = {función ee.Terrain.slope},
  year = {2023},
  url = {https://developers.google.com/earth-engine/apidocs/ee-terrain-slope},
  note = {Accedido: 9 de julio de 2025},
}

@misc{miteco_abexante_2025,
  author       = {{Ministerio para la Transición Ecológica y el Reto Demográfico}},
  title        = {INSTRUCCIONES DE USO DE LA CALCULADORA DE ABSORCIONES DE CO2 EX ANTE DE LAS ESPECIES FORESTALES ARBÓREAS ESPAÑOLAS DEL MINISTERIO PARA LA TRANSICIÓN ECOLÓGICA Y EL RETO DEMOGRÁFICO},
  year         = {2023},
  url          = {https://www.miteco.gob.es/content/dam/miteco/es/cambio-climatico/temas/mitigacion-politicas-y-medidas/instruccionescalculadoraabexante_tcm30-485629.pdf},
  note         = {Accedido: 2025-07-16},
}
